
@misc{1,
	author = "Kuan-Ta Chen; Yu-Chun Chang; Hwai-Jung Hsu; De-Yu Chen; Chun-Ying Huang;Cheng-Hsin Hsu",
	title = "On the Quality of Service of Cloud Gaming Systems",
	howpublished = "\url{https://ieeexplore.ieee.org/abstract/document/6670099/authors#authors}",
}

@misc{2,
	author = "Wei Cai; Ryan Shea; Chun-Ying Huang; Kuan-Ta Chen; Jiangchuan Liu;Victor C. M. Leung; Cheng-Hsin Hsu",
	title = "The Future of Cloud Gaming [Point of View]",
	howpublished = "\url{https://ieeexplore.ieee.org/abstract/document/7435392}",
}

@misc{3,
	author = "Philippe Graff; Xavier Marchal; Thibault Cholez; St√©phane Tuffin; Bertrand Mathieu;Olivier Festor",
	title = "An Analysis of Cloud Gaming Platforms Behavior under Different Network Constraints",
	howpublished = "\url{https://ieeexplore.ieee.org/abstract/document/9615562/authors#authors}",
}

@misc{4,
	author = "Wei Cai; Ryan Shea; Chun-Ying Huang; Kuan-Ta Chen; Jiangchuan Liu;Victor C. M. Leung;Cheng-Hsin Hsu;",
	title = "A Survey on Cloud Gaming: Future of Computer Games",
	howpublished = "\url{https://ieeexplore.ieee.org/document/7536162}",
}
@misc{5,
	author = "Ryan Shea; Jiangchuan Liu; Edith C.-H. Ngai; Yong Cui",
	title = "Cloud gaming: architecture and performance",
	howpublished = "\url{https://ieeexplore.ieee.org/document/6574660}",
}
@misc{6,
	author = "Marc Carrascosa;Boris Bellalta",
	title = "Cloud-gaming: Analysis of Google Stadia traffic",
	howpublished = "\url{https://www.sciencedirect.com/science/article/pii/S0140366422000810?casa_token=Ow8cY78S0IEAAAAA:azWirBaaEhMmTTsqziA9PYlhVbqPKRzSMBQgpp4mEJawruyBRoybCHRext57DqM-tLuZ-eC1#d1e3130}",
}
@misc{7,
	author = "",
	title = "",
	howpublished = "\url{}",
}
